@article{CLsugra,
    author = "Costello, Kevin and Li, Si",
    title = "{Twisted supergravity and its quantization}",
    eprint = "1606.00365",
    archivePrefix = "arXiv",
    primaryClass = "hep-th",
    month = "6",
    year = "2016"
}

@article{SWspinor,
    author = "Saberi, Ingmar and Williams, Brian R.",
    title = "{Twisting pure spinor superfields, with applications to supergravity}",
    eprint = "2106.15639",
    archivePrefix = "arXiv",
    primaryClass = "math-ph",
    month = "6",
    year = "2021"
}

@article{SWconstraint,
    author = "Saberi, Ingmar and Williams, Brian R.",
    title = "{Constraints in the BV formalism: Six-dimensional supersymmetry and its twists}",
    eprint = "2009.07116",
    archivePrefix = "arXiv",
    primaryClass = "math-ph",
    doi = "10.1016/j.aim.2022.108806",
    journal = "Adv. Math.",
    volume = "412",
    pages = "108806",
    year = "2023"
}

@article{CostelloGaiotto,
    author = "Costello, Kevin and Gaiotto, Davide",
    title = "{Twisted Holography}",
    eprint = "1812.09257",
    archivePrefix = "arXiv",
    primaryClass = "hep-th",
    month = "12",
    year = "2018"
}

@article{WittenM5,
    author = "Witten, Edward",
    title = "{Five-brane effective action in M theory}",
    eprint = "hep-th/9610234",
    archivePrefix = "arXiv",
    reportNumber = "IASSNS-HEP-96-101",
    doi = "10.1016/S0393-0440(97)80160-X",
    journal = "J. Geom. Phys.",
    volume = "22",
    pages = "103--133",
    year = "1997"
}

@article{CLtypeI,
    author = "Costello, Kevin and Li, Si",
    title = "{Anomaly cancellation in the topological string}",
    eprint = "1905.09269",
    archivePrefix = "arXiv",
    primaryClass = "hep-th",
    doi = "10.4310/ATMP.2020.v24.n7.a2",
    journal = "Adv. Theor. Math. Phys.",
    volume = "24",
    number = "7",
    pages = "1723--1771",
    year = "2020"
}

@article{Dijkgraaf:1998gf,
    author = "Dijkgraaf, Robbert",
    title = "{Instanton strings and hyperKahler geometry}",
    eprint = "hep-th/9810210",
    archivePrefix = "arXiv",
    reportNumber = "UTFA-98-26, SPIN-1998-04",
    doi = "10.1016/S0550-3213(98)00869-4",
    journal = "Nucl. Phys. B",
    volume = "543",
    pages = "545--571",
    year = "1999"
}

@article{CLsugra,
    author = "Costello, Kevin and Li, Si",
    title = "{Twisted supergravity and its quantization}",
    eprint = "1606.00365",
    archivePrefix = "arXiv",
    primaryClass = "hep-th",
    month = "6",
    year = "2016"
}

@article{SWspinor,
    author = "Saberi, Ingmar and Williams, Brian R.",
    title = "{Twisting pure spinor superfields, with applications to supergravity}",
    eprint = "2106.15639",
    archivePrefix = "arXiv",
    primaryClass = "math-ph",
    month = "6",
    year = "2021"
}

@article{SWconstraint,
    author = "Saberi, Ingmar and Williams, Brian R.",
    title = "{Constraints in the BV formalism: Six-dimensional supersymmetry and its twists}",
    eprint = "2009.07116",
    archivePrefix = "arXiv",
    primaryClass = "math-ph",
    doi = "10.1016/j.aim.2022.108806",
    journal = "Adv. Math.",
    volume = "412",
    pages = "108806",
    year = "2023"
}

@article{CostelloGaiotto,
    author = "Costello, Kevin and Gaiotto, Davide",
    title = "{Twisted Holography}",
    eprint = "1812.09257",
    archivePrefix = "arXiv",
    primaryClass = "hep-th",
    month = "12",
    year = "2018"
}

@article{WittenM5,
    author = "Witten, Edward",
    title = "{Five-brane effective action in M theory}",
    eprint = "hep-th/9610234",
    archivePrefix = "arXiv",
    reportNumber = "IASSNS-HEP-96-101",
    doi = "10.1016/S0393-0440(97)80160-X",
    journal = "J. Geom. Phys.",
    volume = "22",
    pages = "103--133",
    year = "1997"
}

@article{CLtypeI,
    author = "Costello, Kevin and Li, Si",
    title = "{Anomaly cancellation in the topological string}",
    eprint = "1905.09269",
    archivePrefix = "arXiv",
    primaryClass = "hep-th",
    doi = "10.4310/ATMP.2020.v24.n7.a2",
    journal = "Adv. Theor. Math. Phys.",
    volume = "24",
    number = "7",
    pages = "1723--1771",
    year = "2020"
}

@article{Malikovetal,
	doi = {10.1007/s002200050653},
  
	url = {https://doi.org/10.1007%2Fs002200050653},
  
	year = 1999,
	month = {jul},
  
	publisher = {Springer Science and Business Media {LLC}
},
  
	volume = {204},
  
	number = {2},
  
	pages = {439--473},
  
	author = {Fyodor Malikov and Vadim Schechtman and Arkady Vaintrob},
  
	title = {Chiral de Rham Complex},
  
	journal = {Communications in Mathematical Physics}
}

@article{DMVV,
    author = "Dijkgraaf, Robbert and Moore, Gregory W. and Verlinde, Erik P. and Verlinde, Herman L.",
    title = "{Elliptic genera of symmetric products and second quantized strings}",
    eprint = "hep-th/9608096",
    archivePrefix = "arXiv",
    reportNumber = "CERN-TH-96-222, ITFA-96-31, YCTP-P16-96",
    doi = "10.1007/s002200050087",
    journal = "Commun. Math. Phys.",
    volume = "185",
    pages = "197--209",
    year = "1997"
}

@article{MAGOO,
    author = "Aharony, Ofer and Gubser, Steven S. and Maldacena, Juan Martin and Ooguri, Hirosi and Oz, Yaron",
    title = "{Large N field theories, string theory and gravity}",
    eprint = "hep-th/9905111",
    archivePrefix = "arXiv",
    reportNumber = "CERN-TH-99-122, HUTP-99-A027, LBNL-43113, RU-99-18, UCB-PTH-99-16, LBL-43113",
    doi = "10.1016/S0370-1573(99)00083-6",
    journal = "Phys. Rept.",
    volume = "323",
    pages = "183--386",
    year = "2000"
}

@article{LuninMathur,
    author = "Lunin, Oleg and Mathur, Samir D.",
    title = "{Correlation functions for M**N / S(N) orbifolds}",
    eprint = "hep-th/0006196",
    archivePrefix = "arXiv",
    reportNumber = "OHSTPY-HEP-T-00-010",
    doi = "10.1007/s002200100431",
    journal = "Commun. Math. Phys.",
    volume = "219",
    pages = "399--442",
    year = "2001"
}

@article{LuninMathurSusy,
    author = "Lunin, Oleg and Mathur, Samir D.",
    title = "{Three point functions for M(N) / S(N) orbifolds with N=4 supersymmetry}",
    eprint = "hep-th/0103169",
    archivePrefix = "arXiv",
    reportNumber = "OHSTPY-HEP-T-01-005",
    doi = "10.1007/s002200200638",
    journal = "Commun. Math. Phys.",
    volume = "227",
    pages = "385--419",
    year = "2002"
}

@article{CP,
    author = "Costello, Kevin and Paquette, Natalie M.",
    title = "{Twisted Supergravity and Koszul Duality: A case study in AdS$_3$}",
    eprint = "2001.02177",
    archivePrefix = "arXiv",
    primaryClass = "hep-th",
    doi = "10.1007/s00220-021-04065-3",
    journal = "Commun. Math. Phys.",
    volume = "384",
    number = "1",
    pages = "279--339",
    year = "2021"
}

@article{BCOV,
    author = "Bershadsky, M. and Cecotti, S. and Ooguri, H. and Vafa, C.",
    title = "{Kodaira-Spencer theory of gravity and exact results for quantum string amplitudes}",
    eprint = "hep-th/9309140",
    archivePrefix = "arXiv",
    reportNumber = "HUTP-93-A025, RIMS-946, SISSA-142-93-EP",
    doi = "10.1007/BF02099774",
    journal = "Commun. Math. Phys.",
    volume = "165",
    pages = "311--428",
    year = "1994"
}

@article{Oz:1999it,
    author = "Oz, Yaron and Youm, Donam",
    title = "{The D1 - D5 brane system in type I string theory}",
    eprint = "hep-th/9901088",
    archivePrefix = "arXiv",
    reportNumber = "CERN-TH-99-09",
    doi = "10.1016/S0370-2693(99)00237-3",
    journal = "Phys. Lett. B",
    volume = "451",
    pages = "336--342",
    year = "1999"
}

@article{SYZ,
    author = "Strominger, Andrew and Yau, Shing-Tung and Zaslow, Eric",
    title = "{Mirror symmetry is T duality}",
    eprint = "hep-th/9606040",
    archivePrefix = "arXiv",
    doi = "10.1016/0550-3213(96)00434-8",
    journal = "Nucl. Phys. B",
    volume = "479",
    pages = "243--259",
    year = "1996"
}


