@article{ACNV,
    author = "Aganagic, Mina and Costello, Kevin and McNamara, Jacob and Vafa, Cumrun",
    title = "{Topological Chern-Simons/Matter Theories}",
    eprint = "1706.09977",
    archivePrefix = "arXiv",
    primaryClass = "hep-th",
    month = "6",
    year = "2017"
}

@article{CDG,
    author = "Costello, Kevin and Dimofte, Tudor and Gaiotto, Davide",
    title = "{Boundary Chiral Algebras and Holomorphic Twists}",
    eprint = "2005.00083",
    archivePrefix = "arXiv",
    primaryClass = "hep-th",
    month = "4",
    year = "2020"
}

@article{MW97,
    author = "Moore, Gregory W. and Witten, Edward",
    title = "{Integration over the u plane in Donaldson theory}",
    eprint = "hep-th/9709193",
    archivePrefix = "arXiv",
    reportNumber = "IASSNS-HEP-97-97, YCTP-P9-97",
    doi = "10.4310/ATMP.1997.v1.n2.a7",
    journal = "Adv. Theor. Math. Phys.",
    volume = "1",
    pages = "298--387",
    year = "1997"
}

@article{W88,
    author = "Witten, Edward",
    title = "{Topological Quantum Field Theory}",
    reportNumber = "IASSNS-HEP-87-72",
    doi = "10.1007/BF01223371",
    journal = "Commun. Math. Phys.",
    volume = "117",
    pages = "353",
    year = "1988"
}

@article{WZ92,
    author = "Witten, Edward and Zwiebach, Barton",
    title = "{Algebraic structures and differential geometry in 2-D string theory}",
    eprint = "hep-th/9201056",
    archivePrefix = "arXiv",
    reportNumber = "IASSNS-HEP-92-4, MIT-CTP-2057",
    doi = "10.1016/0550-3213(92)90018-7",
    journal = "Nucl. Phys. B",
    volume = "377",
    pages = "55--112",
    year = "1992"
}