@article{CLsugra,
    author = "Costello, Kevin and Li, Si",
    title = "{Twisted supergravity and its quantization}",
    eprint = "1606.00365",
    archivePrefix = "arXiv",
    primaryClass = "hep-th",
    month = "6",
    year = "2016"
}

@article{SWspinor,
    author = "Saberi, Ingmar and Williams, Brian R.",
    title = "{Twisting pure spinor superfields, with applications to supergravity}",
    eprint = "2106.15639",
    archivePrefix = "arXiv",
    primaryClass = "math-ph",
    month = "6",
    year = "2021"
}

@article{SWconstraint,
    author = "Saberi, Ingmar and Williams, Brian R.",
    title = "{Constraints in the BV formalism: Six-dimensional supersymmetry and its twists}",
    eprint = "2009.07116",
    archivePrefix = "arXiv",
    primaryClass = "math-ph",
    doi = "10.1016/j.aim.2022.108806",
    journal = "Adv. Math.",
    volume = "412",
    pages = "108806",
    year = "2023"
}

@article{CostelloGaiotto,
    author = "Costello, Kevin and Gaiotto, Davide",
    title = "{Twisted Holography}",
    eprint = "1812.09257",
    archivePrefix = "arXiv",
    primaryClass = "hep-th",
    month = "12",
    year = "2018"
}

@article{WittenM5,
    author = "Witten, Edward",
    title = "{Five-brane effective action in M theory}",
    eprint = "hep-th/9610234",
    archivePrefix = "arXiv",
    reportNumber = "IASSNS-HEP-96-101",
    doi = "10.1016/S0393-0440(97)80160-X",
    journal = "J. Geom. Phys.",
    volume = "22",
    pages = "103--133",
    year = "1997"
}

@article{CLtypeI,
    author = "Costello, Kevin and Li, Si",
    title = "{Anomaly cancellation in the topological string}",
    eprint = "1905.09269",
    archivePrefix = "arXiv",
    primaryClass = "hep-th",
    doi = "10.4310/ATMP.2020.v24.n7.a2",
    journal = "Adv. Theor. Math. Phys.",
    volume = "24",
    number = "7",
    pages = "1723--1771",
    year = "2020"
}

@article{Dijkgraaf:1998gf,
    author = "Dijkgraaf, Robbert",
    title = "{Instanton strings and hyperKahler geometry}",
    eprint = "hep-th/9810210",
    archivePrefix = "arXiv",
    reportNumber = "UTFA-98-26, SPIN-1998-04",
    doi = "10.1016/S0550-3213(98)00869-4",
    journal = "Nucl. Phys. B",
    volume = "543",
    pages = "545--571",
    year = "1999"
}


